@ARTICLE{bowman:reasoning,
	AUTHOR = "Mic Bowman and Saumya K. Debray and Larry L. Peterson",
	TITLE = "Reasoning About Naming Systems",
	JOURNAL = "ACM Trans. Program. Lang. Syst.",
	VOLUME = {15},
	NUMBER = {5},
	PAGES = {795-825},
	MONTH = "November",
	YEAR = {1993}	}

@ARTICLE{braams:babel,
	AUTHOR = "Johannes Braams",
	TITLE = "Babel, a Multilingual Style-Option System for Use with LaTeX's Standard Document Styles",
	JOURNAL = {TUGboat},
	VOLUME = {12},
	NUMBER = {2},
	PAGES = {291-301},
	MONTH = "June",
	YEAR = {1991}	}

@INPROCEEDINGS{clark:pct,
	AUTHOR = "Malcolm Clark",
	TITLE = "Post Congress Tristesse",
	BOOKTITLE = "TeX90 Conference Proceedings",
	PAGES = "84-89",
	ORGANIZATION = "TeX Users Group",
	MONTH = "March", 
	YEAR = {1991}	}

@ARTICLE{herlihy:methodology,
	AUTHOR = "Maurice Herlihy",
	TITLE = "A Methodology for Implementing Highly Concurrent
	Data Objects",
	JOURNAL = {ACM Trans. Program. Lang. Syst.},
	VOLUME = {15},
	NUMBER = {5},
	PAGES = {745-770},
	MONTH = "November",
	YEAR = {1993}	}

@BOOK{Lamport:LaTeX,
	AUTHOR = "Leslie Lamport",
	TITLE = "LaTeX User's Guide and Document Reference Manual",
	PUBLISHER = "Addison-Wesley Publishing Company",
	ADDRESS = "Reading, Massachusetts",
	YEAR = "1986"	}

@BOOK{salas:calculus,
	AUTHOR = "S.L. Salas and Einar Hille",
	TITLE = "Calculus: One and Several Variable",
	PUBLISHER = "John Wiley and Sons",
	ADDRESS = "New York",
	YEAR = "1978"	}


@inproceedings{EJ2011,
 author = {Park, Eunjung and Pouche, Louis-Noel and Cavazos, John and Cohen, Albert and Sadayappan, P.},
 title = {Predictive modeling in a polyhedral optimization space},
 booktitle = {Proceedings of the 9th Annual IEEE/ACM International Symposium on Code Generation and Optimization},
 series = {CGO '11},
 year = {2011},
 pages = {119--129},
 publisher = {IEEE Computer Society},
 address = {Washington, DC, USA},
} 

@inproceedings{EJ2012,
  author    = {Eunjung Park and
               John Cavazos and
               Marco A. Alvarez},
  title     = {Using graph-based program characterization for predictive
               modeling},
  booktitle = {CGO},
  year      = {2012},
  pages     = {196-206},
  ee        = {http://doi.acm.org/10.1145/2259016.2259042},
}

@article{EJ2013,
year={2013},
journal={International Journal of Parallel Programming},
volume={41},
number={5},
title={{Predictive Modeling in a Polyhedral Optimization Space}},
publisher={Springer US},
author={Park, Eunjung and Cavazos, John and Pouchet, Louis-Noël and Bastoul, Cédric and Cohen, Albert and Sadayappan, P.},
pages={704-750},
}


@TechReport{AKP:RCRToolDesign,                                                   
  author    = {Allan Porterfield and                                             
               Rob Fowler and                                                    
               Min Yeol Lim},                                                    
  title     = {{RCRTool} Design Document; Version 0.1},                          
  institution = RENCI,                                                           
  number    = {RENCI Technical Report TR-10-01},                                 
  location  = {Chapel Hill NC},                                                  
  year      = {2010}                                                             
} 

@inproceedings{Tiwari:EnergyAutoTune,                                            
 author = {Tiwari, Ananta and Laurenzano, Michael A. and Carrington, Laura and Snavely, Allan},
 title = {Auto-tuning for energy usage in scientific applications},              
 booktitle = {Proceedings of the 2011 international conference on Parallel Processing - Volume 2},
 series = {Euro-Par'11},                                                         
 year = {2012},                                                                  
 location = {Bordeaux, France},                                                  
 pages = {178--187},                                                             
 numpages = {10},                                                                
 publisher = {Springer-Verlag},                                                  
 address = {Berlin, Heidelberg},                                                 
}                                                                                
                                                                                 
@MISC{Polybench,                                                                 
  author = {Louis-Noël Pouchet},                                                 
  title = {{Polybench}},                                                         
  howpublished = {\url{http://www.cse.ohio-state.edu/~pouchet/software/polybench/}},   
  year = {2013}                                                                  
} 

@MISC{ROSE,                                                                 
  author = {Daniel J. Quinlan and  Chunhua (Leo) Liao },                                                 
  title = {{ROSE Compiler}},                                                         
  howpublished = {\url{http://rosecompiler.org/}},   
  year = {2013}                                                                  
} 

@MISC{PoCC,                                                                 
  author = {Louis-Noël Pouchet},                                                 
  title = {{PoCC: the Polyhedral Compiler Collection}},                                                         
  howpublished = {\url{http://www.cs.ucla.edu/~pouchet/software/pocc/}},   
  year = {2013}                                                                  
} 
@MISC{Polyopt,                                                                 
  author = {Louis-Noël Pouchet},                                                 
  title = {{PolyOpt/C: a Polyhedral Optimizer for the ROSE compiler}},                                                         
  howpublished = {\url{http://www.cs.ucla.edu/~pouchet/software/polyopt/}},   
  year = {2013}                                                                  
} 
@article{SCoP1,
year={1992},
journal={International Journal of Parallel Programming},
volume={21},
number={6},
title={{Some efficient solutions to the affine scheduling problem. Part II. Multidimensional time}},
author={Feautrier, Paul},
pages={389-420},
}

@article{SCoP2,
 author = {Girbal, Sylvain and Vasilache, Nicolas and Bastoul, C{\'e}dric and Cohen, Albert and Parello, David and Sigler, Marc and Temam, Olivier},
 title = {Semi-automatic composition of loop transformations for deep parallelism and memory hierarchies},
 journal = {Int. J. Parallel Program.},
 issue_date = {June 2006},
 volume = {34},
 number = {3},
 month = jun,
 year = {2006},
 pages = {261--317},
} 
@inproceedings{Math-Poly,
 author = {Benabderrahmane, Mohamed-Walid and Pouchet, Louis-No\"{e}l and Cohen, Albert and Bastoul, C{\'e}dric},
 title = {The polyhedral model is more widely applicable than you think},
 booktitle = {Proceedings of the 19th joint European conference on Theory and Practice of Software, international conference on Compiler Construction},
 series = {CC'10/ETAPS'10},
 year = {2010},
 pages = {283--303},
} 

@INPROCEEDINGS{Me,
author={Wang, Wei and Huang, H.H. and Kay, Matthew and Cavazos, J.},
booktitle={Engineering in Medicine and Biology Society,EMBC, 2011 Annual International Conference of the IEEE},
title={{GPGPU} accelerated cardiac arrhythmia simulations},
year={2011},
pages={724-727},
ISSN={1557-170X},}

@techreport{LULESH:versions,
author = {Ian Karlin and Abhinav. Bhatele and Bradford L. Chamberlain and Jonathan. Cohen and Zachary Devito and Maya Gokhale and Riyaz Haque and Rich Hornung and Jeff Keasler and Dan Laney and Edward Luke and Scott Lloyd and Jim McGraw and Rob Neely and David Richards and Martin Schulz and Charle H. Still and Felix Wang and Daniel Wong},
title = {{LULESH Programming Model and Performance Ports Overview}},
number = {LLNL-TR-608824},
location = {Livermore, CA},
pages = {1-17},
year = {2012},
month = {December}
}
@INPROCEEDINGS{SWIM,
    author = {Nicolas Vasilache and Cédric Bastoul and Albert Cohen},
    title = {Polyhedral code generation in the real world},
    booktitle = {In Proceedings of the International Conference on Compiler Construction (ETAPS CC'06), LNCS},
    year = {2006},
    pages = {185--201},
    publisher = {Springer-Verlag}
}
@INPROCEEDINGS{LCPC2013,
   title={{Parametric GPU Code Generation for Affine Loop Programs}},
   author={Konstantinidis, Athanasios and Kelly, Paul HJ and Ramanujam, J and Sadayappan, P},
 booktitle = {Proceedings of the 26th International Conference on Languages and Compilers for Parallel Computing},
 series = {LCPC'13},
   year={2013}

}
@INPROCEEDINGS{Scott,
author={Grauer-Gray, S. and Lifan Xu and Searles, R. and Ayalasomayajula, S. and Cavazos, J.},
booktitle={Innovative Parallel Computing (InPar), 2012},
title={{Auto-tuning a high-level language targeted to GPU codes}},
year={2012},
pages={1-10},
}
@inproceedings{CF12,
 author = {Rahman, Shah Mohammad Faizur and Guo, Jichi and Bhat, Akshatha and Garcia, Carlos and Sujon, Majedul Haque and Yi, Qing and Liao, Chunhua and Quinlan, Daniel},
 title = {Studying the impact of application-level optimizations on the power consumption of multi-core architectures},
 booktitle = {Proceedings of the 9th conference on Computing Frontiers},
 series = {CF '12},
 year = {2012},
 pages = {123--132},
} 

@inproceedings{Reduce-Cache,
 author = {Tavarageri, Sanket and Sadayappan, P.},
 title = {{A Compiler Analysis to Determine Useful Cache Size for Energy Efficiency}},
 booktitle = {Proceedings of the 2013 IEEE 27th International Symposium on Parallel and Distributed Processing Workshops and PhD Forum},
 series = {IPDPSW '13},
 year = {2013},
 pages = {923--930},
} 
@INPROCEEDINGS{IPDPS13:LULESH,
AUTHOR="Ian Karlin and Abhinav Bhatele and Jeff Keasler and Bradford L. Chamberlain and Jonathan Cohen and Zachary DeVito and Riyaz Haque and Dan Laney and Edward Luke and Felix Wang and David Richards and Martin Schulz and Charles Still",
TITLE={{Exploring Traditional and Emerging Parallel Programming Models using a Proxy Application}},
BOOKTITLE="27th IEEE International Parallel \& Distributed Processing Symposium (IEEE IPDPS 2013)",
ADDRESS="Boston, USA",
MONTH=may,
YEAR=2013
}
@inproceedings{Garcia,
 author = {Garcia, Elkin and Gao, Guang},
 title = {Strategies for improving performance and energy efficiency on a many-core},
 booktitle = {Proceedings of the ACM International Conference on Computing Frontiers},
 series = {CF '13},
 year = {2013},
 pages = {9:1--9:4},
} 
@misc{IntelSystemProgrammingVol3,
author = {{Intel}},
title = {{Intel 64 and {IA-32} Architectures Software Developer's Manual, Volume 3}},
year = {2013},
howpublished = {\url{http://download.intel.com/products/processor/manual/253669.pdf}}
}
@inproceedings{us,
 author = {Porterfield, Allan and Fowler, Rob and Bhalachandra, Sridutt and Wang, Wei},
 title = {{OpenMP and MPI Application Energy Measurement Variation}},
 booktitle = {Proceedings of the 1st International Workshop on Energy Efficient Supercomputing},
 series = {E2SC '13},
 year = {2013},
 pages = {7:1--7:8},
} 



@article{RAPL-Related,
 author = {H\"{a}hnel, Marcus and D\"{o}bel, Bj\"{o}rn and V\"{o}lp, Marcus and H\"{a}rtig, Hermann},
 title = {{Measuring Energy Consumption for Short Code Paths Using RAPL}},
 journal = {SIGMETRICS Perform. Eval. Rev.},
 issue_date = {December 2012},
 volume = {40},
 number = {3},
 year = {2012},
 pages = {13--17},
} 
@inproceedings{SpeedEnergy,
 author = {Yuki, Tomofumi and Rajopadhye, Sanjay},
 title = {{Folklore Confirmed: Compiling for Speed = Compiling for Energy}},
 booktitle = {Proceedings of the 26th International Conference on Languages and Compilers for Parallel Computing},
 series = {LCPC'13},
 year = {2013},
}
@ARTICLE{Cho,
author={Sangyeun Cho and Melhem, R.G.},
journal={Parallel and Distributed Systems, IEEE Transactions on},
title={{On the Interplay of Parallelization, Program Performance, and Energy Consumption}},
year={2010},
volume={21},
number={3},
pages={342-353},
}
@inproceedings{Hyperplane,
 author = {Bondhugula, Uday and Hartono, Albert and Ramanujam, J. and Sadayappan, P.},
 title = {{A Practical Automatic Polyhedral Parallelizer and Locality Optimizer}},
 booktitle = {Proceedings of the 2008 ACM SIGPLAN Conference on Programming Language Design and Implementation},
 series = {PLDI '08},
 year = {2008},
 pages = {101--113},
} 
